<record><leader>00000cas a22000007a 4500</leader><controlfield tag="001">9929995</controlfield><controlfield tag="008">830921d19832004mtuwr ne      0   a0eng d</controlfield><controlfield tag="009">467</controlfield><datafield ind1=" " ind2=" " tag="010"><subfield code="a">sn 83009951 </subfield></datafield><datafield ind1=" " ind2=" " tag="040"><subfield code="a">NSD</subfield><subfield code="b">eng</subfield><subfield code="c">NSD</subfield><subfield code="d">MTL</subfield><subfield code="d">OCLCQ</subfield></datafield><datafield ind1=" " ind2=" " tag="012"><subfield code="m">1</subfield></datafield><datafield ind1="1" ind2=" " tag="022"><subfield code="a">0746-3359</subfield><subfield code="l">0746-3359</subfield><subfield code="2">1</subfield></datafield><datafield ind1="1" ind2=" " tag="029"><subfield code="a">AU@</subfield><subfield code="b">000025424411</subfield></datafield><datafield ind1=" " ind2=" " tag="032"><subfield code="a">548570</subfield><subfield code="b">USPS</subfield></datafield><datafield ind1=" " ind2=" " tag="037"><subfield code="b">High Country Independent Press, 23 West Main, Belgrade, MT 59714</subfield></datafield><datafield ind1=" " ind2=" " tag="042"><subfield code="a">nsdp</subfield></datafield><datafield ind1=" " ind2="0" tag="222"><subfield code="a">High country independent press</subfield></datafield><datafield ind1="0" ind2="0" tag="245"><subfield code="a">High country independent press.</subfield></datafield><datafield ind1=" " ind2=" " tag="260"><subfield code="a">Belgrade, Mont. :</subfield><subfield code="b">K.A. Klingenberg,</subfield><subfield code="c">1983-</subfield></datafield><datafield ind1=" " ind2=" " tag="300"><subfield code="a">v. :</subfield><subfield code="b">ill. ;</subfield><subfield code="c">58 cm.</subfield></datafield><datafield ind1=" " ind2=" " tag="310"><subfield code="a">Weekly</subfield></datafield><datafield ind1="0" ind2=" " tag="362"><subfield code="a">Vol. 1, no. 1 (Feb. 2, 1983)-</subfield></datafield><datafield ind1="1" ind2=" " tag="362"><subfield code="a">Ceased with v. 23, no. 7 (Feb. 12-18, 2004).</subfield></datafield><datafield ind1=" " ind2=" " tag="525"><subfield code="a">Supplements accompany some issues.</subfield></datafield><datafield ind1=" " ind2=" " tag="752"><subfield code="a">United States</subfield><subfield code="b">Montana</subfield><subfield code="c">Gallatin</subfield><subfield code="d">Belgrade.</subfield></datafield><datafield ind1="0" ind2="4" tag="780"><subfield code="t">Belgrade independent press</subfield><subfield code="w">(DLC)sn 84036229</subfield></datafield><datafield ind1="0" ind2="4" tag="780"><subfield code="t">High country news (Bozeman, Mont.)</subfield></datafield><datafield ind1=" " ind2=" " tag="936"><subfield code="a">July 6, 1983</subfield></datafield></record>